    @inproceedings{btsd,
       author = {Radu Timofte, Karel Zimmermann, and Luc van Gool},
       booktitle = {Journal of Machine Vision and Applications (MVA 2011)},
       title = {Multi-view traffic sign detection, recognition, and 3D localisation},
       month = {Dec},
       year = {2011},
    }
    
    @inproceedings{yolov1,
      title={You only look once: Unified, real-time object detection},
      author={Redmon, Joseph and Divvala, Santosh and Girshick, Ross and Farhadi, Ali},
      booktitle={Proceedings of the IEEE conference on computer vision and pattern recognition},
      pages={779--788},
      year={2016}
    }
    
    @article{yolo9000,
      title={YOLO9000: Better, Faster, Stronger},
      author={Redmon, Joseph and Farhadi, Ali},
      journal={arXiv preprint arXiv:1612.08242},
      year={2016}
    }
    
    @article{yolov3,
      title={YOLOv3: An Incremental Improvement},
      author={Redmon, Joseph and Farhadi, Ali},
      journal = {arXiv},
      year={2018}
    }
    
    @misc{darknet,
      author =   {Joseph Redmon},
      title =    {Darknet: Open Source Neural Networks in C},
      howpublished = {\url{http://pjreddie.com/darknet/}},
      year = {2013--2016}
    }
    
    @article{tsdYolo,
      title={Traffic sign detection using you only look once framework},
      author={Chung Yu Wang, Royce Cheng-Yue},
      journal = {Convolutional Neural Networks for Visual Recognition CS 231n},
      year={2015}
    }
    
    @ARTICLE{tsdSsd,
        author={H. S. {Lee} and K. {Kim}},
        journal={IEEE Transactions on Intelligent Transportation Systems},
        title={Simultaneous Traffic Sign Detection and Boundary Estimation Using Convolutional Neural Network},
        year={2018},
        volume={19},
        number={5},
        pages={1652-1663},
        doi={10.1109/TITS.2018.2801560},
        ISSN={1524-9050},
        month={May},
    }
    
    @INPROCEEDINGS{tsdHog,
        author={G. {Wang} and G. {Ren} and Z. {Wu} and Y. {Zhao} and L. {Jiang}},
        booktitle={The 2013 International Joint Conference on Neural Networks (IJCNN)},
        title={A robust, coarse-to-fine traffic sign detection method},
        year={2013},
        volume={},
        number={},
        pages={1-5},
        doi={10.1109/IJCNN.2013.6706812},
        ISSN={2161-4407},
        month={Aug},
    }
    
    @article{tsDetectOverview,
      title={An overview of traffic sign detection methods},
      author={Brkic, Karla},
      journal={Department of Electronics, Microelectronics, Computer and Intelligent Systems Faculty of Electrical Engineering and Computing Unska},
      volume={3},
      pages={10000},
      year={2010}
    }
    
    @INPROCEEDINGS{tsdHaar,
        author={Lotfi Abdi and Aref Meddeb},
        booktitle={Proceedings of the Symposium on Applied Computing},
        title={Deep learning traffic sign detection, recognition and augmentation},
        year={2017},
        volume={},
        number={},
        pages={131-136},
        doi={10.1145/3019612.3019643},
    }
    
    @article{rcnn,
      author    = {Ross B. Girshick and
                   Jeff Donahue and
                   Trevor Darrell and
                   Jitendra Malik},
      title     = {Rich feature hierarchies for accurate object detection and semantic
                   segmentation},
      journal   = {CoRR},
      volume    = {abs/1311.2524},
      year      = {2013},
      %url       = {http://arxiv.org/abs/1311.2524},
      archivePrefix = {arXiv}
    }
    
    @MISC{yolov123,
      author = {Jonathan Hui},
      title = {{Real-time Object Detection with YOLO, YOLOv2 and now YOLOv3}},
      howpublished = {[online]},
      year = {Naposledy navštíveno 24. 3. 2019},
      url = {https://medium.com/@jonathan_hui/real-time-object-detection-with-yolo-yolov2-28b1b93e2088},
    }
    
    @INPROCEEDINGS{fastShapeTSD,
        author={G. Loy and N. Barnes},
        booktitle={2004 IEEE/RSJ International Conference on Intelligent Robots and Systems (IROS) (IEEE Cat. No.04CH37566)},
        title={Fast shape-based road sign detection for a driver assistance system},
        year={2004},
        volume={1},
        pages={70-75 vol.1},
        month={Sep.},
    }
    
    @misc{mAP_repo,
      author = {João Cartucho},
      title = {mAP},
      year = {2019},
      publisher = {GitHub},
      journal = {GitHub repository},
      howpublished = {\url{https://github.com/Cartucho/mAP}},
      commit = {6a14cf3adf949668fcce25811c43c6bdd45dbb6a}
    }
    
    @article{errorAnalysis,
      title={Diagnosing error in object detectors},
      author={Hoiem, Derek and Chodpathumwan, Yodsawalai and Dai, Qieyun},
      journal={Computer Vision--ECCV 2012},
      pages={340--353},
      year={2012},
      publisher={Springer}
    }
    
    @ARTICLE{tsDetect,
        author={A. de la Escalera and L. E. Moreno and M. A. Salichs and J. M. Armingol},
        journal={IEEE Transactions on Industrial Electronics},
        title={Road traffic sign detection and classification},
        year={1997},
        volume={44},
        number={6},
        pages={848-859},
        ISSN={0278-0046},
        month={Dec},
    }
    
    @Article{selective-search,
      author       = "Uijlings, J. R. R. and van de Sande, K. E. A. and Gevers, T. and Smeulders, A. W. M.",
      title        = "Selective Search for Object Recognition",
      journal      = "International Journal of Computer Vision",
      number       = "2",
      volume       = "104",
      pages        = "154--171",
      year         = "2013"
    }
    
    @ARTICLE{poisonEditing,
        author={Patrick Pérez, Michel Gangnet, Andrew Blake},
        journal={ACM Transactions on Graphics (TOG)},
        title={Poisson image editing},
        year={2003},
        number={3},
        volume={22},
        pages={313--318},
        doi={10.1145/882262.882269},
        month={July},
    }
    
    @MISC{mAP,
      author = {Jonathan Hui},
      title = {{mAP (mean Average Precision) for Object Detection}},
      howpublished = {[online]},
      year = {Naposledy navštíveno 23. 2. 2019},
      url = {https://medium.com/@jonathan_hui/map-mean-average-precision-for-object-detection-45c121a31173?fbclid=IwAR1DpxrWZu2l_yvFnSZ1aGIZUChSY5HYSnDPoH8GfV-ZXcLB8VxsWpOglow},
    }
    
    @INPROCEEDINGS{tsdFastRcnn,
        author={Z. {Zuo} and K. {Yu} and Q. {Zhou} and X. {Wang} and T. {Li}},
        booktitle={2017 IEEE 37th International Conference on Distributed Computing Systems Workshops (ICDCSW)},
        title={Traffic Signs Detection Based on Faster R-CNN},
        year={2017},
        pages={286-288},
        doi={10.1109/ICDCSW.2017.34},
        ISSN={2332-5666},
        month={June}
    }